<?xml version="1.0" encoding="UTF-8"?><record xmlns="http://www.loc.gov/MARC21/slim" xmlns:cinclude="http://apache.org/cocoon/include/1.0" xmlns:zs="http://www.loc.gov/zing/srw/">
  <leader>01272cz  a2200229n  4500</leader>
  <controlfield tag="001">n  93092764 </controlfield>
  <controlfield tag="003">DLC</controlfield>
  <controlfield tag="005">19950810070527.6</controlfield>
  <controlfield tag="008">930921n| acaabaaa|          |a ana |||  </controlfield>
  <datafield tag="010" ind1=" " ind2=" ">
    <subfield code="a">n  93092764 </subfield>
  </datafield>
  <datafield tag="040" ind1=" " ind2=" ">
    <subfield code="a">DLC</subfield>
    <subfield code="c">DLC</subfield>
    <subfield code="d">DLC</subfield>
  </datafield>
  <datafield tag="130" ind1=" " ind2="0">
    <subfield code="a">Serii︠a︡ "Nat︠s︡ionalʹnye dvizhenii︠a︡ v SSSR i v postsovetskom prostranstve"</subfield>
  </datafield>
  <datafield tag="430" ind1=" " ind2="0">
    <subfield code="a">Nat︠s︡ionalʹnye dvizhenii︠a︡ v SSSR i v postsovetskom prostranstve</subfield>
  </datafield>
  <datafield tag="410" ind1="2" ind2="0">
    <subfield code="a">T︠S︡entr po izuchenii︠u︡ mezhnat︠s︡ionalʹnykh otnosheniĭ (Rossiĭskai︠a︡ akademii︠a︡ nauk).</subfield>
    <subfield code="b">Serii︠a︡ "Nat︠s︡ionalʹnye dvizhenii︠a︡ v SSSR i v postsovetskom prostranstve"</subfield>
  </datafield>
  <datafield tag="530" ind1=" " ind2="0">
    <subfield code="a">Serii︠a︡ Nat︠s︡ionalʹnye dvizhenii︠a︡ v SSSR</subfield>
  </datafield>
  <datafield tag="643" ind1=" " ind2=" ">
    <subfield code="a">Moskva</subfield>
    <subfield code="b">T︠S︡IMO</subfield>
  </datafield>
  <datafield tag="644" ind1=" " ind2=" ">
    <subfield code="a">f</subfield>
    <subfield code="5">DLC</subfield>
  </datafield>
  <datafield tag="645" ind1=" " ind2=" ">
    <subfield code="a">t</subfield>
    <subfield code="5">DLC</subfield>
  </datafield>
  <datafield tag="646" ind1=" " ind2=" ">
    <subfield code="a">s</subfield>
    <subfield code="5">DLC</subfield>
  </datafield>
  <datafield tag="667" ind1=" " ind2=" ">
    <subfield code="a">ISSN 5201-8365 is not valid for this publication</subfield>
  </datafield>
  <datafield tag="670" ind1=" " ind2=" ">
    <subfield code="a">Ėtnopoliticheskai︠a︡ mozaika Bashkortostana, 1992:</subfield>
    <subfield code="b">ser. t.p. (Rossiĭskai︠a︡ akademii︠a︡ nauk, T︠S︡entr po izuchenii︠u︡ mezhnat︠s︡ionalʹnykh otnosheniĭ, Serii︠a︡ "Nat︠s︡ionalʹnye dvizhenii︠a︡ v SSSR i v postsovetskom prostranstve")</subfield>
  </datafield>
  <datafield tag="675" ind1=" " ind2=" ">
    <subfield code="a">LC data base, 09-21-93 (hdg.: Serii︠a︡ Nat︠s︡ionalʹnye dvizhenii︠a︡ v SSSR)</subfield>
  </datafield>
</record>